@book{INDECProyecciones1025,
   author = {INDEC},
   edition = {1 ed.},
   title = {Estimaciones de población por sexo, departamento y año calendario 2010-2025.},
   year = {2015},
}
@online{Censo2022Datos,
  author = {INDEC},
  title = {{CENSO 2022} Resultados Previsionales},
  year = 2022,
  url = {https://www.censo.gob.ar/index.php/datos_provisionales},
  urldate = {2023-10-30}
}

@online{redatam2001,
  author = {UN-CEPAL},
  title = {{CENSO 2001} Procesamiento del Censo Nacional de Población, Hogares y Viviendas 2001},
  year = 2023,
  url = {https://redatam.indec.gob.ar/argbin/RpWebEngine.exe/PortalAction?BASE=CPV2001ARG},
  urldate = {2023-10-30}
}
@online{redatam2010,
  author = {UN- CEPAL},
  title = {{CENSO 2010} Procesamiento del Censo Nacional de Población, Hogares y Viviendas 2010 - Cuestionario Ampliado},
  year = 2023,
  url = {https://redatam.indec.gob.ar/binarg/RpWebEngine.exe/Portal?BASE=CPV2010A&lang=ESP},
  urldate = {2023-10-30}
}
@online{IGMSig,
author = {IGM},
title = {{Dataset GEO} IGM--Insititu Geográfico Nacional, Argentina  Capas SIG - Departamento},
year = 2024,
url = {https://www.ign.gob.ar/NuestrasActividades/InformacionGeoespacial/CapasSIG},
urldate = {2024-03-30}
}

@online{INDECProgDemo,
  author = {INDEC},
  title = {{DEMOGRAFICO} Programa de Análisis Demográfico de la Dirección de Estadísticas Poblacionales},
  year = 2022,
  url = {https://www.indec.gob.ar/indec/web/Institucional-Indec-IndicadoresDemograficos},
  urldate = {2024-02-10}
}

@misc{ReporteMatriculaEDU,
   author = {Ministerio de Educación},
   journal = {Relevamiento Anual, 2011 a 2018, DIEE, MECCyTN.},
   title = {https://data.educacion.gob.ar/reporte-matricula.php},
   year = {2022},
}

@article{Hoque2012,
   abstract = {This paper evaluates small area population estimates produced by the Housing Unit Method, Ratio-correlation Method, Component Method II, and the average of all three methods compared to the 2000 Census counts for the 254 counties and 1,279 places in Texas. This evaluation of three estimation methods shows the expected patterns of error by population size and population change. Of the three methods tested, no single method produced more accurate estimates than the average of two or three methods. The assessment of the accuracy of the place-level estimates show substantially higher levels of errors than those found for counties. Résumé Cet article évalue les estimations de populations vivant dans de petites régions produites par unité d'habitation, rapport de corrélation et méthode des composantes II ainsi que la moyenne des trois méthodes comparativement aux recensements de 2000 pour les 254 comtés et les 1 279 endroits au Texas. Cette évaluation des trois méthodes d'estimation démontre le modèle prévu d'erreurs par taille et changement de population. Des trois méthodes ayant fait l'objet de l'essai, aucune n'a produit des estimations plus précises que la moyenne de deux ou trois méthodes. L'évaluation de l'exactitude des estimations de lieu indique des taux d'erreurs significativement plus élevés que celles des comtés. Mots-clés: estimations de populations vivant dans de petites régions, unité d'habitation, rapport de corrélation, méthode des composantes.},
   author = {Nazrul Hoque},
   journal = {Canadian Studies in Population 39, No. 1–2},
   keywords = {component method,housing unit method,ratio-correlation method,small area population estimates},
   pages = {91-108},
   title = {Evaluation of small area population estimates produced by Housing Unit, Ratio-correlation, and Component Method II compared to 2000 Census counts},
   year = {2012},
}
@article{Gupta2012,
   abstract = {Logistic model has long history regarding it's usefulness in population predictions. But the model has some limitations when applying for the sparse census data sets, typically available for developing countries. In such situation the relative growth rates (RGR) exhibit some unusual trend (increasing, primary increasing and then decreasing) which is different from the common decreasing trend of logistic law. To tackle those complicated demographic situations we have successfully explored a simplified version of Tsoularis and Wallace model (TWM) which can explain all of these feasible monotonic structures of RGR. In addition to this we have also proposed another model (PM) by assuming RGR as a direct function of time covariate but not the size. The model has some key advantages than the simplified TWM (STWM). It can detect the demographic phase change point at which the developing country switches over towards developed one. We performed RGR modelling (as a function of time) but not the size as neither TWM nor STWM is analytically solvable and the underlying population model is better identifiable in the former case but not in the later. The less number of parameters involve in both the STWM and PM ensure a better chance of convergence under non-linear least square estimation than the original TWM with more parameters.},
   author = {Arindam Gupta and Sabyasachi Bhattacharya and Asis Kumar Chattyopadhyay},
   keywords = {Tsoularis-Wallace model,and phrases: Population prediction,demographic phase change AMS Subject Classification: 62P25 1,relative growth rate},
   title = {Exploring New Models for Population Prediction in Detecting Demographic Phase Change for Sparse Census Data},
   year = {2012},
}
@book{INDEC1Serie38,
   author = {INDEC},
   isbn = {978-950-896-433-5},
   journal = {N°38 Serie análisis demográfico},
   title = {Proyecciones provinciales de población por sexo y grupo de edad 2010-2014. - Instituto Nacional de Estadística y Censos - INDEC, 2013.
E-Book.},
   volume = { 1a ed.},
   year = {2013},
}
@book{CELADEAlvarez,
   abstract = {"Enero de 2001." "LC/L.1444-p"--Title page verso. Los métodos de estimación indirecta de indicadores sociodemográficos para áreas geográficas menores han tenido un importante desarrollo en América Latina y el Caribe en los últimos años. Algunos de estos métodos tienen referentes en trabajos de hacia varias décadas atrás y durante la década de 1990 confluyeron tres principales factores para que se produjera un significativo impulso a esta línea de investigación: a) el fuerte aumento de la demanda por este tipo de información, originado en requerimientos legales vinculados a la representación política, ciertas asignaciones presupuestarias en el marco de procesos de descentralización, o de la focalización de las políticas sociales en general; b) una mayor frecuencia, periodicidad y sistematización del levantamiento de encuestas de hogares y demográficas con representación nacional, urbana y rural; y c) la más amplia disponibilidad de medios computacionales de bajo costo y alta velocidad de procesamiento de grandes bases de datos, como lo son las encuestas y, sobre todo, los censos de población y vivienda.En este marco, resulta fundamental conocer el tamaño de la población para todas las unidades geográficas del país. Dentro de este panorama, este trabajo utiliza los registros administrativos existentes (variables sintomáticas) junto con modelos estadísticos que permitan actualizar las estimaciones de población de áreas menores en períodos intercensales.},
   author = {Gustavo. Álvarez and United Nations. Economic Commission for Latin America and the Caribbean. and CELADE (Organization). División de Población.},
   isbn = {9213217749},
   pages = {36},
   publisher = {Naciones Unidas, CEPAL/ECLAC},
   title = {Estimación de población en áreas menores mediante variables sintomáticas : una aplicación para los departamentos de la República Argentina (1991 y 1996)},
   year = {2001},
}
@inproceedings{Chawda2018,
   author = {Manan Chawda and Rutuja Rane and Skrinanth Giri},
   isbn = {978-1-5386-1974-2},
   journal = {2nd International Conference on Inventive Communication and Computational Technologies (ICICCT)},
   pages = {1894-1897},
   title = {Demographic Progress Analysis of Census Data Using Data Mining},
   year = {2018},
}
@article{kimball1996data,
  title={The Data Warehouse Toolkit: Practical Techniques For Building Dimensional Data Warehouses-Bom},
  author={Kimball, Ralph},
  year={1996}
}

@online{Censo2001,
  author = {INDEC},
  title = {{CENSO 2001} Censo Nacional de Población, Hogares y Viviendas del año 2001},
  year = 2023,
  url = {https://www.indec.gob.ar/micro_sitios/webcenso/index.asp},
  urldate = {2023-11-30}
}